<record><leader>00000cas a2200000 a 4500</leader><controlfield tag="001">14367245</controlfield><controlfield tag="008">861009d19731980kyuwr ne      0    0eng d</controlfield><datafield ind1=" " ind2=" " tag="010"><subfield code="a">sn 86069450 </subfield></datafield><datafield ind1=" " ind2=" " tag="040"><subfield code="a">KNP</subfield><subfield code="b">eng</subfield><subfield code="c">KNP</subfield><subfield code="d">OCL</subfield><subfield code="d">OCLCQ</subfield><subfield code="d">KYUBL</subfield><subfield code="d">OCLCQ</subfield><subfield code="d">OCLCF</subfield><subfield code="d">OCLCO</subfield></datafield><datafield ind1="1" ind2=" " tag="029"><subfield code="a">AU@</subfield><subfield code="b">000020427190</subfield></datafield><datafield ind1=" " ind2=" " tag="042"><subfield code="a">msc</subfield></datafield><datafield ind1=" " ind2=" " tag="043"><subfield code="a">n-us-ky</subfield></datafield><datafield ind1="0" ind2="4" tag="245"><subfield code="a">The Greenup County sentinel.</subfield></datafield><datafield ind1=" " ind2=" " tag="260"><subfield code="a">Greenup, Ky. :</subfield><subfield code="b">Stultz Pub. Co.,</subfield><subfield code="c">1973-1980.</subfield></datafield><datafield ind1=" " ind2=" " tag="300"><subfield code="a">v. :</subfield><subfield code="b">ill.</subfield></datafield><datafield ind1=" " ind2=" " tag="310"><subfield code="a">Weekly</subfield></datafield><datafield ind1="0" ind2=" " tag="362"><subfield code="a">Vol. 1, no. 1 ([Nov. 13, 1973])-v. 7, no. 9 (Jan. 28, 1980).</subfield></datafield><datafield ind1=" " ind2="0" tag="651"><subfield code="a">Greenup (Ky.)</subfield><subfield code="v">Newspapers.</subfield></datafield><datafield ind1=" " ind2="0" tag="651"><subfield code="a">Greenup County (Ky.)</subfield><subfield code="v">Newspapers.</subfield></datafield><datafield ind1=" " ind2="7" tag="655"><subfield code="a">Newspapers.</subfield><subfield code="2">fast</subfield><subfield code="0">(OCoLC)fst01423814</subfield></datafield><datafield ind1=" " ind2="7" tag="651"><subfield code="a">Kentucky</subfield><subfield code="z">Greenup.</subfield><subfield code="2">fast</subfield><subfield code="0">(OCoLC)fst01233316</subfield></datafield><datafield ind1=" " ind2="7" tag="651"><subfield code="a">Kentucky</subfield><subfield code="z">Greenup County.</subfield><subfield code="2">fast</subfield><subfield code="0">(OCoLC)fst01209373</subfield></datafield><datafield ind1=" " ind2=" " tag="752"><subfield code="a">United States</subfield><subfield code="b">Kentucky</subfield><subfield code="c">Greenup</subfield><subfield code="d">Greenup.</subfield></datafield><datafield ind1="0" ind2="4" tag="785"><subfield code="t">Greenup news</subfield><subfield code="w">(DLC)sn 86069449</subfield><subfield code="g">Jan. 31, 1980</subfield></datafield></record>